 @inbook{thornton_marion_2014, place={Andover}, edition={5}, title={Hamilton's Principle - Lagrangian and Hamiltonian Dynamics}, booktitle={Classical dynamics of particles and systems}, publisher={Cengage Learning}, author={Thornton, Stephen T. and Marion, Jerry B.}, year={2014}, pages={228â€“230}} 
  @inbook{davis_2012, place={Burlington}, booktitle={Classical mechanics}, publisher={Elsevier Science}, author={Davis, A. Douglas}, year={2012}}
  %needs more ^